@misc{brownlee:1, 
title="Clever Algorithms: Nature-Inspired Programming Recipes", 
url="http://www.cleveralgorithms.com/nature-inspired/stochastic/tabu_search.html", 
journal="Clever Algorithms: Nature-Inspired Programming Recipes", 
author="Brownlee, Jason"
}

@misc{srivastava_srivastava_2018:1, 
title="K Nearest Neighbor: KNN Algorithm: KNN in Python \& R", 
url="https://www.analyticsvidhya.com/blog/2018/03/introduction-k-neighbours-algorithm-clustering/", 
journal="Analytics Vidhya", 
author="Srivastava, Tavish and Srivastava, Tavish", 
year="2018", 
month="Mar"
}


@misc{venhuis_2019:1, 
title="Around the world in 90.414 kilometers", 
url="https://towardsdatascience.com/around-the-world-in-90-414-kilometers-ce84c03b8552", 
journal="Medium", 
publisher="Towards Data Science", 
author="Venhuis, Mikko", 
year="2019", 
month="Apr"
}